<record><leader>00000cas a2200000 a 4500</leader><controlfield tag="001">31414533</controlfield><controlfield tag="008">941107d19uu197unjumr ne      0    0eng c</controlfield><datafield ind1=" " ind2=" " tag="010"><subfield code="a">sn 94053350 </subfield></datafield><datafield ind1=" " ind2=" " tag="040"><subfield code="a">CNW</subfield><subfield code="b">eng</subfield><subfield code="c">CNW</subfield><subfield code="d">CVF</subfield><subfield code="d">NYS</subfield><subfield code="d">OCLCQ</subfield><subfield code="d">OCLCO</subfield><subfield code="d">OCLCF</subfield></datafield><datafield ind1="1" ind2=" " tag="029"><subfield code="a">AU@</subfield><subfield code="b">000011357899</subfield></datafield><datafield ind1=" " ind2=" " tag="042"><subfield code="a">pcc</subfield></datafield><datafield ind1=" " ind2=" " tag="043"><subfield code="a">n-us-nj</subfield></datafield><datafield ind1="0" ind2="0" tag="245"><subfield code="a">Free aquarian.</subfield></datafield><datafield ind1=" " ind2=" " tag="260"><subfield code="a">Hackensack [N.J.] :</subfield><subfield code="b">James Rensenbrink</subfield></datafield><datafield ind1=" " ind2=" " tag="300"><subfield code="a">v. :</subfield><subfield code="b">ill.</subfield></datafield><datafield ind1=" " ind2=" " tag="310"><subfield code="a">Monthly</subfield></datafield><datafield ind1=" " ind2=" " tag="530"><subfield code="a">Also issued on microfilm from Bell &amp; Howell (Underground Newspaper Collection).</subfield></datafield><datafield ind1=" " ind2=" " tag="588"><subfield code="a">Description based on: Vol. 4, no. 13 (Nov. 15, 1971) = Scare tactic 3.</subfield></datafield><datafield ind1=" " ind2="0" tag="650"><subfield code="a">Underground press publications</subfield><subfield code="z">New Jersey</subfield><subfield code="z">Hackensack.</subfield></datafield><datafield ind1=" " ind2="0" tag="650"><subfield code="a">Underground press publications</subfield><subfield code="z">New York (State)</subfield><subfield code="z">New York.</subfield></datafield><datafield ind1=" " ind2="0" tag="651"><subfield code="a">Hackensack (N.J.)</subfield><subfield code="v">Newspapers.</subfield></datafield><datafield ind1=" " ind2="0" tag="651"><subfield code="a">Bergen County (N.J.)</subfield><subfield code="v">Newspapers.</subfield></datafield><datafield ind1=" " ind2="7" tag="655"><subfield code="a">Newspapers.</subfield><subfield code="2">fast</subfield><subfield code="0">(OCoLC)fst01423814</subfield></datafield><datafield ind1=" " ind2="7" tag="650"><subfield code="a">Underground press publications.</subfield><subfield code="2">fast</subfield><subfield code="0">(OCoLC)fst01160984</subfield></datafield><datafield ind1=" " ind2="7" tag="651"><subfield code="a">New Jersey</subfield><subfield code="z">Bergen County.</subfield><subfield code="2">fast</subfield><subfield code="0">(OCoLC)fst01206168</subfield></datafield><datafield ind1=" " ind2="7" tag="651"><subfield code="a">New Jersey</subfield><subfield code="z">Hackensack.</subfield><subfield code="2">fast</subfield><subfield code="0">(OCoLC)fst01217871</subfield></datafield><datafield ind1=" " ind2="7" tag="651"><subfield code="a">New York (State)</subfield><subfield code="z">New York.</subfield><subfield code="2">fast</subfield><subfield code="0">(OCoLC)fst01204333</subfield></datafield><datafield ind1=" " ind2=" " tag="752"><subfield code="a">United States</subfield><subfield code="b">New Jersey</subfield><subfield code="c">Bergen</subfield><subfield code="d">Hackensack.</subfield></datafield><datafield ind1="0" ind2=" " tag="776"><subfield code="t">Free aquarian</subfield><subfield code="w">(OCoLC)2696410</subfield></datafield><datafield ind1="0" ind2="0" tag="785"><subfield code="t">Aquarian (Montclair, N.J.)</subfield><subfield code="w">(DLC)sn 83002140</subfield><subfield code="w">(OCoLC)9706574</subfield></datafield></record>